<record><leader>00000cas a2200000 i 4500</leader><controlfield tag="001">829951088</controlfield><controlfield tag="008">130313d18481859ohuwr ne      0   a0eng  </controlfield><datafield ind1=" " ind2=" " tag="010"><subfield code="a">  2013218637</subfield></datafield><datafield ind1=" " ind2=" " tag="040"><subfield code="a">DLC</subfield><subfield code="b">eng</subfield><subfield code="e">rda</subfield><subfield code="c">DLC</subfield><subfield code="d">DLC</subfield><subfield code="d">OCLCQ</subfield><subfield code="d">OCLCF</subfield></datafield><datafield ind1="0" ind2=" " tag="022"><subfield code="a">2327-3240</subfield><subfield code="2">1</subfield></datafield><datafield ind1=" " ind2=" " tag="042"><subfield code="a">pcc</subfield><subfield code="a">nsdp</subfield></datafield><datafield ind1=" " ind2=" " tag="043"><subfield code="a">n-us-oh</subfield></datafield><datafield ind1="1" ind2="0" tag="050"><subfield code="a">ISSN RECORD</subfield></datafield><datafield ind1="0" ind2="0" tag="082"><subfield code="a">071</subfield><subfield code="2">23</subfield></datafield><datafield ind1="0" ind2=" " tag="130"><subfield code="a">Tiffin tribune (Tiffin, Ohio : 1848 : Online)</subfield></datafield><datafield ind1=" " ind2="4" tag="222"><subfield code="a">The Tiffin tribune</subfield><subfield code="b">(Tiffin, Ohio. 1848. Online)</subfield></datafield><datafield ind1="1" ind2="4" tag="245"><subfield code="a">The Tiffin tribune.</subfield></datafield><datafield ind1="1" ind2="3" tag="246"><subfield code="a">Tiffin weekly tribune</subfield></datafield><datafield ind1=" " ind2="1" tag="264"><subfield code="a">Tiffin, Ohio :</subfield><subfield code="b">W.C. Gray,</subfield><subfield code="c">-1859.</subfield></datafield><datafield ind1=" " ind2=" " tag="310"><subfield code="a">Weekly</subfield></datafield><datafield ind1=" " ind2=" " tag="336"><subfield code="a">text</subfield><subfield code="b">txt</subfield><subfield code="2">rdacontent</subfield></datafield><datafield ind1=" " ind2=" " tag="337"><subfield code="a">computer</subfield><subfield code="b">c</subfield><subfield code="2">rdamedia</subfield></datafield><datafield ind1=" " ind2=" " tag="338"><subfield code="a">online resource</subfield><subfield code="b">cr</subfield><subfield code="2">rdacarrier</subfield></datafield><datafield ind1="1" ind2=" " tag="362"><subfield code="a">Began in 1848; ceased with vol. XI, no. 29 (Apr. 29, 1859).</subfield></datafield><datafield ind1=" " ind2=" " tag="500"><subfield code="a">Publisher: McKee &amp; Bailey, &lt;1859&gt;.</subfield></datafield><datafield ind1=" " ind2=" " tag="530"><subfield code="a">Also issued in print.</subfield></datafield><datafield ind1=" " ind2=" " tag="588"><subfield code="a">Description based on: Vol. VIII, no. XXXI (May 9, 1856); title from masthead (Chroniclingamerica.loc.gov, viewed Mar. 13, 2013).</subfield></datafield><datafield ind1=" " ind2=" " tag="588"><subfield code="a">Latest issue consulted: Vol. XI, no. 29 (April 29, 1859) (Chroniclingamerica.loc.gov, viewed Mar. 13, 2013).</subfield></datafield><datafield ind1=" " ind2="0" tag="651"><subfield code="a">Tiffin (Ohio)</subfield><subfield code="v">Newspapers.</subfield></datafield><datafield ind1=" " ind2="7" tag="655"><subfield code="a">Newspapers.</subfield><subfield code="2">fast</subfield><subfield code="0">(OCoLC)fst01423814</subfield></datafield><datafield ind1=" " ind2="7" tag="651"><subfield code="a">Ohio</subfield><subfield code="z">Tiffin.</subfield><subfield code="2">fast</subfield><subfield code="0">(OCoLC)fst01222388</subfield></datafield><datafield ind1=" " ind2=" " tag="752"><subfield code="a">United States</subfield><subfield code="b">Ohio</subfield><subfield code="c">Seneca</subfield><subfield code="d">Tiffin.</subfield></datafield><datafield ind1="1" ind2=" " tag="776"><subfield code="t">Tiffin tribune (Tiffin, Ohio : 1848)</subfield><subfield code="x">2327-3232</subfield><subfield code="w">(DLC)sn 85026279</subfield><subfield code="w">(OCoLC)12141390</subfield></datafield><datafield ind1="0" ind2="0" tag="785"><subfield code="t">Tiffin weekly tribune (Tiffin, Ohio : 1859 : Online)</subfield><subfield code="w">(DLC)  2013218638</subfield></datafield><datafield ind1="4" ind2="1" tag="856"><subfield code="u">http://www.loc.gov/chroniclingamerica/lccn/sn85026279/issues</subfield></datafield></record>